%%%%% FOR INSPIRATION GO TO         https://www.overleaf.com/learn/latex/Bibliography_management_in_LaTeX       %%%%%<3

@mastersthesis{Cavegn,
title={Optimization of Network Tied-Arch Bridges},
author={Cavegn, Riccardo},
year={2020},
school={Eidgenössische Technische Hochschule Zürich}
}

@mastersthesis{BrunnSchanack,
title={Berechnung einer zweigleisigen Eisenbahn- Netzwerkbogenbrücke unter Einsatz des europäischen Normenkonzepts},
author={Brunn, Benjamin and Schanack, Frank},
year={2003},
school={Technische Universität Dresden}
}

@article{BrunnSchanack2,
author = {Schanack, Frank and Brunn, Benjamin},
year = {2009},
month = {07},
pages = {477 - 483},
title = {Netzgenerierung von Netzwerkbogenbrücken},
volume = {78},
journal = {Stahlbau},
doi = {10.1002/stab.200910062}
}

@phdthesis{Teich,
  author  ={Teich, Stephan},
  title   ={Beitrag zur Optimierung von Netzwerkbogenbrücken},
  school  = {Technische Universität Dresden},
  year    = {2012}
}

@article{Geissler,
author = {Geißler, Karsten and Steinmann, Uwe and Graße, Wolfgang},
year = {2008},
month = {03},
pages = {158 - 171},
title = {Netzwerkbogenbrücken – Entwurf, Bemessung, Ausführung},
volume = {77},
journal = {Stahlbau},
doi = {10.1002/stab.200810019}
}

@article{Pellegrino,
author = {Pellegrino, Carlo and Cupani, Giovanni and Modena, Claudio},
year = {2010},
month = {04},
pages = {1140-1147},
title = {The effect of fatigue on the arrangement of hangers in tied arch bridges},
volume = {32},
journal = {Engineering Structures - ENG STRUCT},
doi = {10.1016/j.engstruct.2009.12.040}
}

@misc{Tveit,
author = {Tveit, Per},
year = {2014},
month = {03},
title = {The Network Arch, Bits of Manuscript in March 2014 after Lectures in 50+ Countries},
url={http://home.uia.no/pert}
}

@article{Tveit2,
author = {Tveit, Per},
year = {2019},
month = {02},
pages = {052078},
title = {How to Design Economical Network Arches},
volume = {471},
journal = {IOP Conference Series: Materials Science and Engineering},
doi = {10.1088/1757-899X/471/5/052078}
}

@article{Tveit3,
author = {Tveit, Per},
year = {1966},
pages = {247 - 259},
title = {Design of network arches},
volume = {44(7)},
%number = {7},
journal = {Struct Eng.},
note = {London, England}
}

@article{Belevicius,
author = {Belevičius, Rimantas and Juozapaitis, Algirdas and Rusakevičius, Dainius},
year = {2017},
month = {06},
pages = {},
title = {Parameter Study on Weight Minimization of Network Arch Bridges},
volume = {62},
journal = {Periodica Polytechnica Civil Engineering},
doi = {10.3311/PPci.10036}
}

@article{Tan,
author = {Tan, Yonggang and Yao, Yuanbin},
year = {2019},
month = {05},
%pages = {136943321984984},
title = {Optimization of hanger arrangement in pedestrian tied arch bridge with sparse hanger system},
journal = {Advances in Structural Engineering},
doi = {10.1177/1369433219849842}
}

@article{Bruno,
author = {Bruno, Domenico and Lonetti, Paolo and Pascuzzo, Arturo},
year = {2018},
month = {05},
pages = {41-59},
title = {A numerical study on network arch bridges subjected to cable loss},
volume = {6}
}

@article{Zoli,
author = {Zoli, Ted and Woodward, Ryan},
year = {2005},
month = {01},
pages = {17-25},
title = {Design of Long Span Bridges for Cable Loss},
volume = {90},
journal = {IABSE Symposium Report},
doi = {10.2749/222137805796270685}
}

@article{Wolff,
  title={Cable Loss and Progressive Collapse in Cable-stayed Bridges},
  author={M. Wolff and U. Starossek},
  journal={Bridge Structures},
  year={2009},
  volume={5},
  pages={17-28}
}